
@misc{mobility_connected_what_2024,
	title = {What are {OTA} {Updates}?},
	url = {https://www.hitachi.com/products/it/lumada/global/en/spcon/uc_00866s/},
	abstract = {OTA updates are software patches or modifications that are deployed wirelessly, eliminating the need for physical connection leading to increased efficiency…},
	language = {en-US},
	urldate = {2024-05-07},
	journal = {Mobility Connected},
	author = {{Mobility Connected}},
	month = jan,
	year = {2024},
}

@misc{noauthor_what_nodate,
	title = {What {LoRaWAN} and "{Chirp} {Spread} {Spectrum}" ({CSS}) technology have in common? {Part} {III} {\textbar} {LinkedIn}},
	url = {https://www.linkedin.com/pulse/what-lorawan-chirp-spread-spectrum-css-technology-have-giuseppe-panza-hz5dc/},
	urldate = {2024-06-07},
	author = {{Giuseppe Panza}},
	file = {What LoRaWAN and "Chirp Spread Spectrum" (CSS) technology have in common? Part III | LinkedIn:/home/george/Zotero/storage/4NJT7LFD/what-lorawan-chirp-spread-spectrum-css-technology-have-giuseppe-panza-hz5dc.html:text/html},
}

@misc{meter_group_soil_2023,
	title = {Soil moisture sensors—{How} they work. {Why} some are not research grade - {METER} {Group}},
	url = {https://metergroup.com/measurement-insights/soil-moisture-sensors-how-they-work-why-some-are-not-research-grade/},
	language = {en-US},
	urldate = {2024-05-12},
	author = {{METER Group}},
	month = may,
	year = {2023},
	note = {Section: Measurement Insights},
	file = {Snapshot:/home/george/Zotero/storage/55EV62PU/soil-moisture-sensors-how-they-work-why-some-are-not-research-grade.html:text/html},
}
